<?xml version="1.0" encoding="UTF-8"?>
<collection xmlns="http://www.loc.gov/MARC21/slim" xmlns:marc="http://www.loc.gov/MARC21/slim">
 <record>
  <leader>01352cam a2200349 a 4500</leader>
  <datafield tag="245" ind1="0" ind2="0">
   <subfield code="6">880-01</subfield>
   <subfield code="a">Kazoku kankei no shakai shinrigaku /</subfield>
   <subfield code="c">Osada Masayoshi hen.</subfield>
  </datafield>
 </record>