
 <record>
  <leader>01121ccm a2200289z  4500</leader>
  <datafield tag="245" ind1="1" ind2="0">
   <subfield code="a">Powhatan&#39;s daughter :</subfield>
   <subfield code="b">march</subfield>
  </datafield>
  <datafield tag="100" ind1="1" ind2=" ">
   <subfield code="a">Sousa, John Philip,</subfield>
   <subfield code="d">1854-1932,</subfield>
   <subfield code="e">composer.</subfield>
  </datafield>
 </record>