
 <record>
  <leader>01137cam a2200301 a 4500</leader>
  <datafield tag="245" ind1="1" ind2="0">
   <subfield code="a">Two pieces /</subfield>
   <subfield code="c">by Frank O&#39;Hara.</subfield>
  </datafield>
  <datafield tag="100" ind1="1" ind2=" ">
   <subfield code="a">O&#39;Hara, Frank,</subfield>
   <subfield code="d">1926-1966.</subfield>
   <subfield code="0">http://id.loc.gov/authorities/names/n79042130</subfield>
  </datafield>
 </record>
</collection>